[gd_scene load_steps=7 format=2]

[ext_resource path="res://game/Player.tscn" type="PackedScene" id=1]
[ext_resource path="res://game/BlackHole.gd" type="Script" id=2]
[ext_resource path="res://game/Level.gd" type="Script" id=3]
[ext_resource path="res://assets/squares-bold.regular.otf" type="DynamicFontData" id=4]

[sub_resource type="CircleShape2D" id=4]
radius = 1000.0

[sub_resource type="DynamicFont" id=6]
size = 96
outline_size = 4
font_data = ExtResource( 4 )

[node name="Level" type="Node2D"]
pause_mode = 2
script = ExtResource( 3 )
level_radius = 1000.0

[node name="Enemies" type="Node2D" parent="."]
pause_mode = 1

[node name="Player" parent="." instance=ExtResource( 1 )]
pause_mode = 1

[node name="BlackHole" type="Area2D" parent="."]
script = ExtResource( 2 )

[node name="CollisionShape2D" type="CollisionShape2D" parent="BlackHole"]
shape = SubResource( 4 )

[node name="CanvasLayer" type="CanvasLayer" parent="."]
layer = 0

[node name="Display" type="Control" parent="CanvasLayer"]
visible = false
anchor_right = 1.0
anchor_bottom = 1.0
__meta__ = {
"_edit_use_anchors_": false
}

[node name="Label" type="Label" parent="CanvasLayer/Display"]
anchor_top = 0.213333
anchor_right = 1.0
anchor_bottom = 0.213333
margin_bottom = 38.0
text = "New Item"
align = 1
__meta__ = {
"_edit_use_anchors_": true
}

[node name="ItemLabel" type="Label" parent="CanvasLayer/Display"]
anchor_top = 0.386889
anchor_right = 1.0
anchor_bottom = 0.995334
margin_top = -0.100021
margin_bottom = 0.0999756
align = 1
valign = 1
__meta__ = {
"_edit_use_anchors_": true
}

[node name="DisplayTimer" type="Timer" parent="CanvasLayer"]
wait_time = 2.0
one_shot = true

[node name="Paused" type="Control" parent="CanvasLayer"]
visible = false
anchor_right = 1.0
anchor_bottom = 1.0
__meta__ = {
"_edit_use_anchors_": false
}

[node name="Label" type="Label" parent="CanvasLayer/Paused"]
anchor_right = 1.0
anchor_bottom = 1.0
text = "Paused"
align = 1
valign = 1
__meta__ = {
"_edit_use_anchors_": false
}

[node name="Ready" type="Label" parent="CanvasLayer"]
anchor_right = 1.0
anchor_bottom = 1.0
custom_colors/font_color = Color( 0, 0, 0, 1 )
custom_fonts/font = SubResource( 6 )
text = "3"
align = 1
__meta__ = {
"_edit_use_anchors_": false
}

[node name="ReadyTimer" type="Timer" parent="CanvasLayer"]
wait_time = 3.0
one_shot = true
autostart = true

[node name="GoTimer" type="Timer" parent="CanvasLayer"]
one_shot = true

[node name="ScoreLabel" type="Label" parent="CanvasLayer"]
anchor_left = 0.92
anchor_right = 0.92
anchor_bottom = 0.089
margin_left = -40.0
margin_bottom = -0.0499992
grow_horizontal = 0
align = 2
__meta__ = {
"_edit_use_anchors_": true
}

[connection signal="area_entered" from="BlackHole" to="BlackHole" method="_on_BlackHole_area_entered"]
[connection signal="area_exited" from="BlackHole" to="BlackHole" method="_on_BlackHole_area_exited"]
[connection signal="body_entered" from="BlackHole" to="BlackHole" method="_on_BlackHole_body_entered"]
[connection signal="body_exited" from="BlackHole" to="BlackHole" method="_on_BlackHole_body_exited"]
[connection signal="timeout" from="CanvasLayer/DisplayTimer" to="." method="_on_DisplayTimer_timeout"]
[connection signal="timeout" from="CanvasLayer/ReadyTimer" to="." method="_on_ReadyTimer_timeout"]
[connection signal="timeout" from="CanvasLayer/GoTimer" to="." method="_on_GoTimer_timeout"]
