[gd_scene load_steps=6 format=2]

[ext_resource path="res://assets/asteroids_theme.tres" type="Theme" id=1]
[ext_resource path="res://assets/squares-bold.regular.otf" type="DynamicFontData" id=2]
[ext_resource path="res://menus/MainMenu.gd" type="Script" id=3]
[ext_resource path="res://menus/Scoreboard.tscn" type="PackedScene" id=4]

[sub_resource type="DynamicFont" id=1]
size = 80
outline_size = 4
font_data = ExtResource( 2 )

[node name="MainMenu" type="Control"]
anchor_right = 1.0
anchor_bottom = 1.0
theme = ExtResource( 1 )
script = ExtResource( 3 )
__meta__ = {
"_edit_use_anchors_": false
}

[node name="Scoreboard" parent="." instance=ExtResource( 4 )]
visible = false
demo = true

[node name="MainMenu" type="Control" parent="."]
anchor_right = 1.0
anchor_bottom = 1.0
__meta__ = {
"_edit_use_anchors_": false
}

[node name="Label" type="Label" parent="MainMenu"]
anchor_right = 1.0
anchor_bottom = 0.626667
margin_bottom = 1710.0
theme = ExtResource( 1 )
custom_colors/font_color = Color( 0, 0, 0, 1 )
custom_fonts/font = SubResource( 1 )
text = "Scrap Space Fighter"
align = 1
autowrap = true
__meta__ = {
"_edit_use_anchors_": true
}

[node name="Play" type="Button" parent="MainMenu"]
anchor_left = 0.321667
anchor_top = 0.666667
anchor_right = 0.68
anchor_bottom = 0.795556
margin_left = -0.000198364
margin_top = -0.000152588
margin_bottom = -0.000213623
grow_horizontal = 2
text = "Play"
__meta__ = {
"_edit_use_anchors_": false
}

[node name="Controls" type="Button" parent="MainMenu"]
anchor_left = 0.320833
anchor_top = 0.826667
anchor_right = 0.679167
anchor_bottom = 0.955556
margin_left = 0.500198
margin_top = -0.000152588
margin_right = 1.49982
margin_bottom = -0.000183105
grow_horizontal = 2
text = "Controls"
__meta__ = {
"_edit_use_anchors_": false
}

[node name="SwapTimer" type="Timer" parent="."]
wait_time = 10.0
autostart = true

[connection signal="pressed" from="MainMenu/Play" to="." method="_on_Play_pressed"]
[connection signal="pressed" from="MainMenu/Controls" to="." method="_on_Controls_pressed"]
[connection signal="timeout" from="SwapTimer" to="." method="_on_SwapTimer_timeout"]
