[gd_scene load_steps=7 format=2]

[ext_resource path="res://game/enemies/Chaser.gd" type="Script" id=1]
[ext_resource path="res://game/enemies/CircularHealthbar.gd" type="Script" id=2]
[ext_resource path="res://assets/textures/chaser.png" type="Texture" id=3]
[ext_resource path="res://assets/outline.tres" type="Material" id=4]

[sub_resource type="CircleShape2D" id=1]
radius = 30.0

[sub_resource type="CircleShape2D" id=2]
radius = 200.0

[node name="Chaser" type="KinematicBody2D" groups=["black_hole", "enemy"]]
collision_mask = 0
script = ExtResource( 1 )

[node name="CollisionShape2D" type="CollisionShape2D" parent="."]
shape = SubResource( 1 )

[node name="PlayerDetector" type="Area2D" parent="."]

[node name="CollisionShape2D" type="CollisionShape2D" parent="PlayerDetector"]
shape = SubResource( 1 )

[node name="RepelArea" type="Area2D" parent="."]
monitorable = false

[node name="CollisionShape2D" type="CollisionShape2D" parent="RepelArea"]
shape = SubResource( 2 )

[node name="Node" type="Node" parent="."]

[node name="CircularHealthbar" type="Node2D" parent="Node"]
script = ExtResource( 2 )

[node name="Sprite" type="Sprite" parent="."]
material = ExtResource( 4 )
rotation = 3.14159
scale = Vector2( 0.25, 0.25 )
texture = ExtResource( 3 )

[connection signal="body_entered" from="PlayerDetector" to="." method="_on_PlayerDetector_body_entered"]
[connection signal="body_entered" from="RepelArea" to="." method="_on_RepelArea_body_entered"]
[connection signal="body_exited" from="RepelArea" to="." method="_on_RepelArea_body_exited"]
